@article{1,
        author = {Ozawa, Masanao},
        year = {1998},
        month = {01},
        pages = {},
        title = {On the Halting Problem for Quantum Turing Machines}
}

@misc{2,
      title={Deutsch's Universal Quantum Turing Machine (Revisited)}, 
      author={Willem Fouché and Johannes Heidema and Glyn Jones and Petrus H. Potgieter},
      year={2007},
      eprint={quant-ph/0701108},
      archivePrefix={arXiv},
      primaryClass={quant-ph}
}

@article{3,
        author = {Melkebeek, Dieter and Pervyshev, Konstantin},
        year = {2007},
        month = {01},
        pages = {139-179},
        title = {A Generic Time Hierarchy with One Bit of Advice},
        volume = {16},
        journal = {Computational Complexity},
        doi = {10.1007/s00037-007-0227-8}
}

@article{4,
        author = {Guerrini, Stefano and Martini, Simone and Masini, Andrea},
        year = {2017},
        month = {03},
        pages = {},
        title = {Quantum Turing Machines Computations and Measurements},
        volume = {10},
        journal = {Applied Sciences},
        doi = {10.3390/app10165551}
}

@article{5,
        author = {Bernstein, Ethan and Vazirani, Umesh},
        title = {Quantum Complexity Theory},
        journal = {SIAM Journal on Computing},
        volume = {26},
        number = {5},
        pages = {1411-1473},
        year = {1997},
        doi = {10.1137/S0097539796300921}
}

@book{6, 
      author = {Arora, Sanjeev and Barak, Boaz},
      title = {Computational Complexity: A Modern Approach}, 
      year = {2009}, 
      isbn = {0521424267}, 
      publisher = {Cambridge University Press}, 
      address = {USA}, 
      edition = {1st}
}

@article{7,
      author = {Richard P. Feynman},
       title = {Simulating physics with computers},
        year = {1982},
     journal = {International Journal of Theoretical Physics},
      volume = {21},
       pages = {467-488}
}

@book{8, 
      place={Cambridge}, 
      title={Quantum Computing for Computer Scientists}, 
      DOI={10.1017/CBO9780511813887}, 
      publisher={Cambridge University Press}, 
      author={Yanofsky, Noson S. and Mannucci, Mirco A.}, 
      year={2008}
}

@article{9,
        title={Quantum theory, the Church-Turing principle and the universal quantum computer},
        author={David Deutsch},
        journal={Proceedings of the Royal Society of London. A. Mathematical and Physical Sciences},
        year={1985},
        volume={400},
        pages={117 - 97},
        url={https://api.semanticscholar.org/CorpusID:1438116}
}

@book{10, 
      author = {Sipser, Michael}, 
      title = {Introduction to the Theory of Computation}, 
      year = {1996}, 
      isbn = {053494728X}, 
      publisher = {International Thomson Publishing}, 
      edition = {1st}
}

@article{11,
    author = {Turing, A. M.},
    title = {On Computable Numbers, with an Application to the Entscheidungsproblem},
    journal = {Proceedings of the London Mathematical Society},
    volume = {s2-42},
    number = {1},
    pages = {230-265},
    year = {1937},
    month = {01},
    issn = {0024-6115},
    doi = {10.1112/plms/s2-42.1.230},
    url = {https://doi.org/10.1112/plms/s2-42.1.230},
    eprint = {https://academic.oup.com/plms/article-pdf/s2-42/1/230/4317544/s2-42-1-230.pdf},
}

@article{12,
        author = {Müller, Markus},
        year = {2008},
        month = {03},
        pages = {763 - 780},
        title = {Strongly Universal Quantum Turing Machines and Invariance of Kolmogorov Complexity},
        volume = {54},
        journal = {Information Theory, IEEE Transactions on},
        doi = {10.1109/TIT.2007.913263}
}

@article{13, 
        title={{Computability and $\lambda$-definability}}, 
        volume={2}, 
        DOI={10.2307/2268280}, 
        number={4}, 
        journal={The Journal of Symbolic Logic}, 
        publisher={Cambridge University Press}, 
        author={Turing, A. M.}, 
        year={1937}, 
        pages={153-163}
}

@article{14,
        author = {S. C. Kleene},
        title = {{$\lambda$-definability and recursiveness}},
        volume = {2},
        journal = {Duke Mathematical Journal},
        number = {2},
        publisher = {Duke University Press},
        pages = {340 - 353},
        year = {1936},
        doi = {10.1215/S0012-7094-36-00227-2},
        URL = {https://doi.org/10.1215/S0012-7094-36-00227-2}
}

@article{15,
        author = {Benioff, Paul},
        year = {1980},
        month = {05},
        pages = {563-591},
        title = {The computer as a physical system: A microscopic quantum mechanical Hamiltonian model of computers as represented by Turing machines},
        volume = {22},
        journal = {Journal of Statistical Physics},
        doi = {10.1007/BF01011339}
}

@article{16,
        author = {Benioff, Paul},
        year = {1982},
        month = {11},
        pages = {515-546},
        title = {Quantum mechanical Hamiltonian models of Turing machines},
        volume = {29},
        journal = {Journal of Statistical Physics},
        doi = {10.1007/BF01342185}
}